
@inproceedings{Larochelle,
 author = {Larochelle, Hugo and Bengio, Yoshua},
 title = {Classification Using Discriminative Restricted Boltzmann Machines},
 booktitle = {Proceedings of the 25th International Conference on Machine Learning},
 series = {ICML '08},
 year = {2008},
 isbn = {978-1-60558-205-4},
 location = {Helsinki, Finland},
 pages = {536--543},
 numpages = {8},
 url = {http://doi.acm.org/10.1145/1390156.1390224},
 doi = {10.1145/1390156.1390224},
 acmid = {1390224},
 publisher = {ACM},
 address = {New York, NY, USA}
},

@incollection{Schmah,
	title = {Generative versus discriminative training of RBMs for classification of fMRI images},
	author = {Tanya Schmah and Geoffrey E. Hinton and Steven L. Small and Stephen Strother and Richard S. Zemel},
	booktitle = {Advances in Neural Information Processing Systems 21},
	editor = {D. Koller and D. Schuurmans and Y. Bengio and L. Bottou},
	pages = {1409--1416},
	year = {2009},
	publisher = {Curran Associates, Inc.},
	url = {http://papers.nips.cc/paper/3577-generative-versus-discriminative-training-of-rbms-for-classification-of-fmri-images.pdf}
},

@article{Louradour,
  title={Classification of sets using restricted Boltzmann machines},
  author={Louradour, J{\'e}r{\^o}me and Larochelle, Hugo},
  journal={arXiv preprint arXiv:1103.4896},
  year={2011}
},

@article{Mnih,
  title={Conditional restricted boltzmann machines for structured output prediction},
  author={Mnih, Volodymyr and Larochelle, Hugo and Hinton, Geoffrey E},
  journal={arXiv preprint arXiv:1202.3748},
  year={2012}
},


@article{Hinton,
  title={A practical guide to training restricted Boltzmann machines},
  author={Hinton, Geoffrey},
  journal={Momentum},
  volume={9},
  number={1},
  pages={926},
  year={2010}
},

@inproceedings{Vincent,
  title={Extracting and composing robust features with denoising autoencoders},
  author={Vincent, Pascal and Larochelle, Hugo and Bengio, Yoshua and Manzagol, Pierre-Antoine},
  booktitle={Proceedings of the 25th international conference on Machine learning},
  pages={1096--1103},
  year={2008},
  organization={ACM}
},

@article{LeCun,
  title={A tutorial on energy-based learning},
  author={LeCun, Yann and Chopra, Sumit and Hadsell, Raia and Ranzato, M and Huang, F},
  journal={Predicting structured data},
  volume={1},
  pages={0},
  year={2006}
},

@incollection{Kuremoto,
  title={Time series forecasting using restricted Boltzmann machine},
  author={Kuremoto, Takashi and Kimura, Shinsuke and Kobayashi, Kunikazu and Obayashi, Masanao},
  booktitle={Emerging Intelligent Computing Technology and Applications},
  pages={17--22},
  year={2012},
  publisher={Springer}
}

@article{Elfwing,
  title={Expected energy-based restricted Boltzmann machine for classification},
  author={Elfwing, S and Uchibe, E and Doya, K},
  journal={Neural Networks},
  volume={64},
  pages={29--38},
  year={2015},
  publisher={Elsevier}
}

@inproceedings{Ngiam,
  title={Learning deep energy models},
  author={Ngiam, Jiquan and Chen, Zhenghao and Koh, Pang W and Ng, Andrew Y},
  booktitle={Proceedings of the 28th International Conference on Machine Learning (ICML-11)},
  pages={1105--1112},
  year={2011}
}

@inproceedings{Jaitly,
  title={Learning a better representation of speech soundwaves using restricted boltzmann machines},
  author={Jaitly, Navdeep and Hinton, Geoffrey},
  booktitle={Acoustics, Speech and Signal Processing (ICASSP), 2011 IEEE International Conference on},
  pages={5884--5887},
  year={2011},
  organization={IEEE}
}

@article{Ginzburg,
  title={Combined neural networks for time series analysis},
  author={Ginzburg, Iris and Horn, David}
}

@inproceedings{Schmidt,
  title={The energy efficiency problematics in sports facilities: identifying savings in daily grass heating operation},
  author={Schmidt, M and Venturi, A and Sch{\"u}lke, A and Kurpatov, R},
  booktitle={Proceedings of the ACM/IEEE Sixth International Conference on Cyber-Physical Systems},
  pages={189--197},
  year={2015},
  organization={ACM}
}